@article{Lau_2022,
  title = {Recent {{Advances}} and {{Trends}} in {{Advanced Packaging}}},
  author = {Lau, John H.},
  year = {2022},
  journal = {IEEE Transactions on Components, Packaging and Manufacturing Technology},
  volume = {12},
  number = {2},
  pages = {228--252},
  issn = {2156-3985},
  doi = {10.1109/TCPMT.2022.3144461},
  annotation = {publication: \{"uuid":1407168,"tempID":0,"paperName":"IEEE TRANSACTIONS ON COMPONENTS, PACKAGING AND MANUFACTURING TECHNOLOGY","swjtu":"A++","eii":"EI"\} titleTranslation: 先进封装的最新进展和趋势},
  issue_date = {2022}
}

@article{Tan.Du.ea_2021,
  title = {Investigation on the Temperature Distribution in the Two-Phase Spider Netted Microchannel Network Heat Sink with Non-Uniform Heat Flux},
  shorttitle = {🔤研究两相蜘蛛网中的温度分布，其净微通道网络散热器具有不均匀的热通量},
  author = {Tan, Hui and Du, Pingan and Zong, Kuan and Meng, Guangyao and Gao, Xin and Li, Yang},
  year = {2021},
  month = nov,
  journal = {International Journal of Thermal Sciences},
  volume = {169},
  pages = {107079},
  issn = {12900729},
  doi = {10.1016/j.ijthermalsci.2021.107079},
  urldate = {2022-05-09},
  copyright = {3.8758},
  language = {en},
  lccn = {3.7441},
  annotation = {sciif: 4.78 sci: Q1 publication: \{"uuid":1387218,"tempID":0,"paperName":"INTERNATIONAL JOURNAL OF THERMAL SCIENCES","swjtu":"A++","nju":"B","xju":"二区","cug":"工程技术T2","sciif":"4.78","sci":"Q1","sciBase":"工程技术3区","sciUp":"工程技术2区","sciUpSmall":"工程：机械2区/热力学2区","eii":"EI","scu":"工程技术C","sciif5":"4.571","jci":"1.13"\} titleTranslation: 非均匀热通量两相蜘蛛网微通道网络散热器温度分布研究},
  issue_date = {11/2021}
}


@article{Sadique.Murtaza.ea_2022,
  title = {Heat Transfer Augmentation in Microchannel Heat Sink Using Secondary Flows: {{A}} Review},
  shorttitle = {Heat Transfer Augmentation in Microchannel Heat Sink Using Secondary Flows},
  author = {Sadique, Hussam and Murtaza, Qasim and {Samsher}},
  year = {2022},
  month = sep,
  journal = {International Journal of Heat and Mass Transfer},
  volume = {194},
  pages = {123063},
  issn = {0017-9310},
  doi = {10.1016/j.ijheatmasstransfer.2022.123063},
  urldate = {2022-08-23},
  language = {en},
  lccn = {2},
  annotation = {sciif: 5.43 sci: Q1 publication: \{"uuid":1387229,"tempID":0,"paperName":"INTERNATIONAL JOURNAL OF HEAT AND MASS TRANSFER","swjtu":"A+","nju":"B","xju":"一区","cug":"工程技术T2","sciif":"5.43","sci":"Q1","sciBase":"工程技术2区","sciUp":"工程技术2区","sciUpSmall":"热力学1区/工程：机械2区/力学2区","eii":"EI","scu":"工程技术B","sciif5":"5.428","jci":"1.39"\} titleTranslation: 基于二次流的微通道散热器传热增强研究进展},
  issue_date = {2022-09-15}
}


@phdthesis{LuSiHong_2021,
  type = {{硕士}},
  title = {{均温散热微小通道的结构研究}},
  author = {{吕嗣鸿}},
  year = {2021},
  collaborator = {{王皓}},
  language = {zh-CN},
  school = {电子科技大学},
  issue_date = {2021}
}